<?xml version="1.0" encoding="UTF-8"?><collection xmlns="http://www.loc.gov/MARC21/slim"><record><leader>00567nam--2200181-i-4500</leader><controlfield tag="001">000001577</controlfield><controlfield tag="002">20161230</controlfield><controlfield tag="005">20161230201024</controlfield><controlfield tag="008">060222s1000------------r-----000-0-fre-d</controlfield><datafield ind1=" " ind2=" " tag="040"><subfield code="a">IFIN-HH</subfield></datafield><datafield ind1=" " ind2=" " tag="041"><subfield code="a">fre</subfield></datafield><datafield ind1=" " ind2=" " tag="080"><subfield code="a">538.953(043)</subfield></datafield><datafield ind1="1" ind2=" " tag="100"><subfield code="a">Fortier, Dominique</subfield></datafield><datafield ind1="1" ind2="0" tag="245"><subfield code="a">Difusion des phonons termiques dans le silicium dope au li, p et li-o et influence de la structure electronique des impuretes</subfield><subfield code="b">These</subfield><subfield code="c">Dominique fortier</subfield></datafield><datafield ind1=" " ind2=" " tag="260"><subfield code="a">Paris</subfield><subfield code="b">Universite De Paris-sud</subfield><subfield code="c">1974</subfield></datafield><datafield ind1=" " ind2=" " tag="300"><subfield code="a">127 P</subfield></datafield><datafield ind1=" " ind2=" " tag="852"><subfield code="a">44892</subfield><subfield code="c">539.2</subfield></datafield><datafield ind1=" " ind2=" " tag="CAT"><subfield code="a">Sys</subfield><subfield code="c">20121025</subfield><subfield code="h">160143</subfield></datafield></record></collection>